@ARTICLE{Hilfiker2007,
	author = {Roger Hilfiker},
	title = {Assessment: {C}onconi-{T}est, {B}estimmen der aeroben {L}eistungsf{\"a}higkeit},
	journal = {Physiotherapie},
	year = {2007},
	volume = {5},
	number = {3},
	pages = {36--37}
}

@MISC{Pansy2010,
	author = {J{\"u}rgen Pansy},
	title = {{S}tufenleistungstest mit {T}acx {F}ortius},
	year = {2010},
	month = {11},
	day = {10},
	url = {http://jpansy.at/2010/11/10/stufenleistungstest-mit-tacx-fortius/},
	note = {J{\"u}rgen Pansy's Blog},
	lastchecked = {28.11.2014}
} 

@MISC{Stumpp2013,
	author = {Bernd Stumpp},
	titel = {{C}onconi-{T}est},
	year = {2013},
	month = {08},
	day = {17},
	url = {http://www.bernd-stumpp.de/conconi-test/},
	note = {Bernds Blog},
	lastchecked = {26.11.2014}
}



